@Manual{KohmMorawski2012,
  title =        {KOMA-Script},
  author =       {Kohm, Markus and Morawski, Jens-Uwe},
  year =         2012,
}

@Book{KohmMorawski2012b,
  author =       {Kohm, Markus and Morawski, Jens-Uwe},
  title =        {KOMA-Script},
  publisher =    {Verlag:Lehmanns},
  year =         2012,
  address =      {Berlin},
  edition =      {4. Auflage},
}
