@mastersthesis{Knoll, author={Martin Knoll}, title={Optimal Integration of Autonomous Vehicles in Car Sharing: A Decomposition Approach and Fastening Heuristics}, school={Technische Universität München}, year={2016}}

@mastersthesis{Kaiser, author={Marcus Kaiser}, title={Optimal Integration of Autonomous Vehicles in Car Sharing: A Decomposition Approach in Consideration of Multimodal Transport}, school={Technische Universität München}, year={2016}}

@article{Hauser, author={Jan Hauser}, title={Amerika schaltet auf Autopilot}, journal={Frankfurter Allgemeine Zeitung}, year={2015}}

@article{Bunte_Kliewer, author={Stefan Bunte and Natalie Kliewer}, title={An Overview on Vehicle Scheduling Models}, journal={Public Transport}, volume={1.4}, year={2009}, pages={299-317}}

@article{Lenstra_Kan, author={J. K. Lenstra and A. H. G. Rinnooy Kan}, title={Complexity of Vehicle Routing and Scheduling Problems}, journal={Networks}, volume={11.2}, year={1981}, pages={221-227}}

@article{Dantzig_Fulkerson, author={G. B. Dantzig and D. R. Fulkerson}, title={Minimizing the Number of Tankers to Meet a Fixed Schedule}, journal={Naval Research Logistics Quarterly}, volume={1.3}, year={1954}, pages={217-222}}

@article{Daduna_Paixao, author={J. Daduna and J. Pinto Paixão}, title={Vehicle Scheduling for Public Mass Transit - An Overview}, journal={Computer-Aided Transit Scheduling}, volume={430}, year={1995}, pages={76–90}, isbn={9783540601937}}

@article{Bertossi_Carraresi, author={A. A. Bertossi and P. Carraresi and G. Gallo}, title={On some matching problems arising in vehicle scheduling models}, journal={Networks}, volume={17.3}, year={1987}, pages={271–281}, issn={1097-0037}}

@article{Cordeau_Laporte, author={J.-F. Cordeau and G. Laporte}, title={The Dial-a-ride Problem: Models and Algorithms}, journal={Annals of Operations Research}, volume={153.1}, year={2007}, pages={29–46}, issn={0254-5330}}

@article{Freling_Paixao, author={R. Freling and J. Pinto Paixão}, title={Vehicle Scheduling with Time Constraint}, journal={Computer-Aided Transit Scheduling}, volume={430}, year={1995}, pages={130–144}, isbn={9783540601937}}

@article{Raff, author={S. Raff}, title={Routing and scheduling of vehicles and crews: The state of the art}, journal={Computers and Operations Research}, volume={10.2}, year={1983}, pages={63–211}, issn={0305-0548}}

@article{Wen, author={M. Wen and E. Linde and S. Ropke and P. Mirchandani and A. Larsen}, title={An adaptive large neighborhood search heuristic for the Electric Vehicle Scheduling Problem}, journal={Computers and Operations Research}, volume={76}, pages={73–83}, year={2016}}

@phdthesis{Adler, author={Jonathan D. Adler}, title={Routing and Scheduling of Electric and Alternative-Fuel Vehicles}, school={Arizona State University}, year={2014}}

@article{Felipe, author={Ángel Felipe and M. Teresa Ortuño and Giovanni Righini and Gregorio Tirado}, title={A heuristic approach for the green vehicle routing problem with multiple technologies and partial recharges}, journal={Transportation Research}, volume={71}, pages={111-128}, year={2014}, eprint={\url{http://dx.doi.org/10.1016/j.tre.2014.09.003}}}

@article{Erdogan_Miller-Hooks, author={Sevgi Erdoğan and Elise Miller-Hooks}, title={A Green Vehicle Routing Problem}, journal={Transportation Research Part E: Logistics and Transportation Review}, volume={48.1}, year={2012}, pages={100-114}}

@inbook{Irnich_Desaulniers, author={S. Irnich and G. Desaulniers}, title={Column Generation}, editor={G. Desaulniers and J. Desrosiers and M. M. Solomon}, publisher={Boston, MA: Springer US}, year={2005}, chapter={Shortest Path Problems with Resource Constraints}, pages={33–65}, isbn={9780387254869}}

@article{Handler_Zang, author={G. Y. Handler and I. Zang}, title={A dual algorithm for the constrained shortest path problem}, journal={Networks}, volume={10.4}, year={1980}, pages={293–309}, issn={0028-3045}}

@online{OSRM, author={OSRM}, title={Open Source Routing Machine}, url={http://project-osrm.org}}

@online{OTP, author={OTP}, title={Open Trip Planner}, url={http://www.opentripplanner.org}}

@online{Car2Go, author={Car2Go}, title={Car2Go}, url={https://www.car2go.com/DE/de/stuttgart}}

@online{VVS, author={VVS}, title={Verkehrs- und Tarifverbund Stuttgart}, url={http://www.vvs.de/tickets}}